@misc{weka,
        Date-Added = {2008-12-07 00:07:32 -0600},
        Date-Modified = {2008-12-07 00:08:58 -0600},
        Lastchecked = {2008-12-07},
        Month = {12},
        Title = { Weka 3: Data Mining Software in Java},
        Url = {http://www.cs.waikato.ac.nz/ml/weka/},
        Year = {2008}}


