@article{sketching:zurita,
 author = {Zurita, Gustavo and Baloian, Nelson and Baytelman, Felipe},
 title = {A collaborative face-to-face design support system based on sketching and gesturing},
 journal = {Adv. Eng. Inform.},
 volume = {22},
 number = {3},
 year = {2008},
 issn = {1474-0346},
 pages = {340--349},
 doi = {http://dx.doi.org/10.1016/j.aei.2007.09.003},
 publisher = {Elsevier Science Publishers B. V.},
 address = {Amsterdam, The Netherlands, The Netherlands},
 }

@inproceedings{augmented_reality:kim,
 author = {Kim, SeungJun and Dey, Anind K.},
 title = {Simulated augmented reality windshield display as a cognitive mapping aid for elder driver navigation},
 booktitle = {CHI '09: Proceedings of the 27th international conference on Human factors in computing systems},
 year = {2009},
 isbn = {978-1-60558-246-7},
 pages = {133--142},
 location = {Boston, MA, USA},
 doi = {http://doi.acm.org/10.1145/1518701.1518724},
 publisher = {ACM},
 address = {New York, NY, USA},
 }

@inproceedings{brainstorming:marcello,
 author = {Bast\'{e}a-Forte, Marcello and Yen, Corina},
 title = {Encouraging contribution to shared sketches in brainstorming meetings},
 booktitle = {CHI '07: CHI '07 extended abstracts on Human factors in computing systems},
 year = {2007},
 isbn = {978-1-59593-642-4},
 pages = {2267--2272},
 location = {San Jose, CA, USA},
 doi = {http://doi.acm.org/10.1145/1240866.1240992},
 publisher = {ACM},
 address = {New York, NY, USA},
 }

@inproceedings{context:weis,
 author = {Weis, Torben and Saternus, Martin and Knoll, Mirko and Br\"{a}ndle, Alexander and Combetto, Marco},
 title = {Towards a general purpose user interface for service-oriented context-aware applications},
 booktitle = {CAI '06: Proceedings of the international workshop in conjunction with AVI 2006 on Context in advanced interfaces},
 year = {2006},
 pages = {53--55},
 location = {Venice, Italy},
 doi = {http://doi.acm.org/10.1145/1145706.1145717},
 publisher = {ACM},
 address = {New York, NY, USA},
 }

@article{ink:lindell,
 author = {Lindell, Steven},
 title = {Real-time collaboration tools for digital ink},
 journal = {J. Comput. Small Coll.},
 volume = {25},
 number = {3},
 year = {2010},
 issn = {1937-4771},
 pages = {24--31},
 publisher = {Consortium for Computing Sciences in Colleges},
 address = {, USA},
 }
 
 
